



@misc{fftw-prec,
  Author = {Matteo Frigo and Steven~G. Johnson},
  Title = {{FFTW} users manual: Precision},
  Url = {http://www.fftw.org/fftw3_doc/Precision.html#Precision}
}

@misc{fftw-cplx-num,
  Author = {Matteo Frigo and Steven~G. Johnson},
  Title = {{FFTW} users manual: Complex numbers},
  Url = {http://www.fftw.org/fftw3_doc/Complex-numbers.html#Complex-numbers}
}

@misc{fftw-align-mem,
  Author = {Matteo Frigo and Steven~G. Johnson},
  Title = {{FFTW} users manual: {SIMD} alignment and fftw\_malloc},
  Url = {http://www.fftw.org/fftw3_doc/SIMD-alignment-and-fftw_005fmalloc.html#SIMD-alignment-and-fftw_005fmalloc}
}


@misc{fftw-malloc,
  Author = {Matteo Frigo and Steven~G. Johnson},
  Title = {{FFTW} users manual: Memory Allocation},
  Url = {http://www.fftw.org/fftw3_doc/Memory-Allocation.html#Memory-Allocation}
}

@misc{fftw-plans,
  Author = {Matteo Frigo and Steven~G. Johnson},
  Title = {{FFTW} users manual: Using Plans},
  Url = {http://www.fftw.org/fftw3_doc/Using-Plans.html#Using-Plans}
}

@misc{fftw-mpi-init,
  Author = {Matteo Frigo and Steven~G. Johnson},
  Title = {{FFTW} users manual: {MPI} Initialization},
  Url = {http://www.fftw.org/fftw3_doc/MPI-Initialization.html#MPI-Initialization}
}



@article{Pi13,
    AUTHOR = {Michael Pippig},
    TITLE = {{PFFT} - {A}n Extension of {FFTW} to Massively Parallel Architectures},
    JOURNAL = {SIAM J. Sci. Comput.},
    YEAR = {2013},
    Volume = {35},
    optNumber = {3},
    Pages = {C213 -- C236}
}

@inproceedings{Li2010,
  address = {Edinburgh, Scotland},
  author = {Li, Ning and Laizet, Sylvain},
  booktitle = {Cray User Group 2010 conference},
  keywords = {2d decomposition,distributed fft,poisson solver,shared-memory},
  pages = {1 -- 13},
  title = {{2DECOMP \& FFT - A Highly Scalable 2D Decomposition Library and FFT Interface}},
  year = {2010}
}

@inproceedings{Pl97,
  author = {Steve J. Plimpton and Roy Pollock and Mark Stevens},
  title = {{Particle-Mesh Ewald and rRESPA for Parallel Molecular Dynamics Simulations}},
  booktitle = {Proceedings of the 8th SIAM Conference on Parallel Processing for Scientific Computing (Minneapolis, 1997)},
  year = {1997},
  optmonth = mar,
  publisher = {SIAM},
  address = {Philadelphia}
}

@article{Pe12,
  author = {Pekurovsky, Dmitry},
  optdoi = {10.1137/11082748X},
  optissn = {1064-8275},
  journal = {SIAM J. Sci. Comput.},
  optmonth = jan,
  optnumber = {4},
  pages = {C192 -- C209},
  title = {{P3DFFT: A Framework for Parallel Computations of Fourier Transforms in Three Dimensions}},
  volume = {34},
  year = {2012}
}

@misc{2decompfft,
        Author = {Ning Li},
        Title = {{2DECOMP\&FFT, Parallel {FFT} subroutine library}},
        Url = {http://www.2decomp.org},
        Bdsk-Url-1 = {http://www.2decomp.org}}

@misc{p3dfft,
        Author = {Dmitry Pekurovsky},
        Title = {{P3DFFT, Parallel {FFT} subroutine library}},
        Url = {http://code.google.com/p/p3dfft},
        Bdsk-Url-1 = {http://code.google.com/p/p3dfft}}

@misc{sandiafft,
        Author = {Steve J. Plimpton},
        Title = {Parallel {FFT} subroutine library},
        Url = {http://www.sandia.gov/~sjplimp/docs/fft/README.html}}

@misc{fftw,
        Author = {Matteo Frigo and Steven~G. Johnson},
        Howpublished = {{\verb+http://www.fftw.org+}},
        Optkey = {Matteo Frigo and Steven G. Johnson},
        Title = {{FFTW, C subroutine library}},
        Url = {http://www.fftw.org},
        Bdsk-Url-1 = {http://www.fftw.org},
        Year = {2009}}
        Bdsk-Url-1 = {http://www.fftw.org}}

@article{FFTW05,
        Author = {Matteo Frigo and Steven~G. Johnson},
        Journal = {Proc. {\rm IEEE}},
        Optnote = {Special issue on {``Program Generation, Optimization, and Platform Adaptation''}},
        Opznumber = {2},
        Pages = {216 -- 231},
        Title = {The Design and Implementation of {FFTW3}},
        Volume = {93},
        Year = {2005}}

@misc{MPI-2.2,
  author={{MPI Forum}},
  title={{MPI: A Message-Passing Interface Standard. Version 2.2}},
  url={http://www.mpi-forum.org},
  optmonth={September},
  year={2009},
}

@book{GrLuTh99,
  author = {Gropp, William and Lusk, Ewing and Thakur, Rajeev},
  title = {Using MPI-2: Advanced Features of the Message-Passing Interface},
  year = {1999},
  optisbn = {0262571331},
  publisher = {MIT Press},
  address = {Cambridge, MA, USA},
}

@ARTICLE{PiPo13,
  author = {Michael Pippig and Daniel Potts},
  title = {Parallel Three-Dimensional Nonequispaced Fast {Fourier} Transforms
        and Their Application to Particle Simulation},
  journal = {SIAM J. Sci. Comput.},
  year = {2013},
  volume = {accepted},
  optpages = {},
  optnumber = {}
}

@misc{pnfft,
        Author = {Michael Pippig},
        Title = {{PNFFT}, {Parallel} {Nonequispaced} {FFT} subroutine library},
        Url = {http://www.tu-chemnitz.de/~mpip/software.php},
        Year = {2011}}

@misc{pfft,
        Author = {Michael Pippig},
        Title = {{PFFT}, {Parallel} {FFT} subroutine library},
        Url = {http://www.tu-chemnitz.de/~mpip/software.php},
        Year = {2011}
}
